@article{Authors14,
author = {Sarah Moore},
title = {The Importance of Global COVID-19 Vaccination},
journal = {News Medical Sciences},
note = {\href{https://www.news-medical.net/health/The-Importance-of-Global-COVID-19-Vaccination.aspx}{(link)}}
}
%  year = 2014


@article{Authors14b,
 author = {Tauseef Shahidi},
 title = {India's vaccine distribution challenge},
 journal = {mint},
 note = {\href{https://www.livemint.com/news/india/india-s-vaccine-distribution-challenge-explained-in-five-charts-11607106132744.html}{(link)}},
 
}

@article{Alpher02,
author = {Hari Hara Mishra},
title = {Covid19 vaccine - only solution},
journal = {Business Today},
note = {\href{https://www.businesstoday.in/opinion/columns/lockdown-unviable-covid-19-vaccine-the-only-solution-heres-why/story/437900.html}{(link)}}
}

@article{Alpher03,
author = {Hellen Buckingham},
title = {Safe Delivery},
journal = {nuffieldtrust},
note = {\href{https://www.nuffieldtrust.org.uk/news-item/safe-delivery-the-main-challenges-for-the-nhs-in-delivering-the-covid-19-vaccine}{(link)}}
}

@article{Alpher04,
author = {Tabinda Burney and Andrew Rickles},
title = {The Facts and Challenges Behind Mass Vaccination for COVID-19},
journal = {CADMUS},
note = {\href{https://cadmusgroup.com/articles/the-facts-and-challenges-behind-mass-vaccination-for-covid-19/}{(link)}}
}

@article{Alpher05,
author = {Diane Meyer and Matthew P.Shearer},
title = {Taiwan’s Annual Seasonal Influenza Mass Vaccination Program—Lessons for Pandemic Planning},
journal = {NCBI},
note = {\href{https://www.ncbi.nlm.nih.gov/pmc/articles/PMC6129648/}{(link)}}
}

@article{Alpher06,
author = {Divya Hosangadi and  Kelsey Lane Warmbrod},
title = {Current State of Mass Vaccination Preparedness and Operational Challenges in the United States, 2018-2019},
journal = {Mary Ann Liebert},
note = {\href{https://www.liebertpub.com/doi/10.1089/hs.2019.0146}{(link)}}
}

@article{Alpher07,
title = {Current State of Mass Vaccination Preparedness and Operational Challenges in the United States, 2018-2019},
journal = {accenture},
note = {\href{https://www.accenture.com/us-en/services/public-service/vaccine-management-solution}{(link)}}
}
